<?xml version="1.0" encoding="UTF-8"?><record xmlns="http://www.loc.gov/MARC21/slim" xmlns:cinclude="http://apache.org/cocoon/include/1.0" xmlns:zs="http://www.loc.gov/zing/srw/">
  <leader>00622cz  a2200133n  4500</leader>
  <controlfield tag="001">n  83143215 </controlfield>
  <controlfield tag="003">DLC</controlfield>
  <controlfield tag="005">19900201110430.3</controlfield>
  <controlfield tag="008">830916n| acannaab|          |n aaa ||| c</controlfield>
  <datafield tag="010" ind1=" " ind2=" ">
    <subfield code="a">n  83143215 </subfield>
  </datafield>
  <datafield tag="040" ind1=" " ind2=" ">
    <subfield code="a">DGPO</subfield>
    <subfield code="c">DLC</subfield>
    <subfield code="d">DLC</subfield>
  </datafield>
  <datafield tag="100" ind1="1" ind2="0">
    <subfield code="a">Ventre, Francis T.</subfield>
  </datafield>
  <datafield tag="670" ind1=" " ind2=" ">
    <subfield code="a">His Documentation and assessment of the GSA/PBS building systems program, 1983:</subfield>
    <subfield code="b">t.p. (Francis T. Ventre, U.S. Dept. of Commerce, National Bureau of Standards, National Engineering Lab., Center for Building Technology, Washington, D.C.)</subfield>
  </datafield>
  <datafield tag="670" ind1=" " ind2=" ">
    <subfield code="a">Performance of buildings and serviceability ... c1990:</subfield>
    <subfield code="b">CIP t.p. (Francis T. Ventre) data sheet (b. 9-16-37)</subfield>
  </datafield>
</record>